<?xml version="1.0" encoding="UTF-8"?><record xmlns="http://www.loc.gov/MARC21/slim" xmlns:cinclude="http://apache.org/cocoon/include/1.0" xmlns:zs="http://www.loc.gov/zing/srw/">
  <leader>00643cz  a2200145n  4500</leader>
  <controlfield tag="001">n  79118245 </controlfield>
  <controlfield tag="003">DLC</controlfield>
  <controlfield tag="005">20090227080622.0</controlfield>
  <controlfield tag="008">791012n| acannaabn          |n ana      </controlfield>
  <datafield tag="010" ind1=" " ind2=" ">
    <subfield code="a">n  79118245 </subfield>
  </datafield>
  <datafield tag="035" ind1=" " ind2=" ">
    <subfield code="a">(OCoLC)oca00349921</subfield>
  </datafield>
  <datafield tag="040" ind1=" " ind2=" ">
    <subfield code="a">DLC</subfield>
    <subfield code="b">eng</subfield>
    <subfield code="c">DLC</subfield>
    <subfield code="d">DLC</subfield>
    <subfield code="d">OCoLC</subfield>
  </datafield>
  <datafield tag="110" ind1="2" ind2=" ">
    <subfield code="a">Deutsche Akademie für Kinder- und Jugendliteratur Volkach</subfield>
  </datafield>
  <datafield tag="670" ind1=" " ind2=" ">
    <subfield code="a">Its Schriftenreihe der Deutschen Akademie für Kinder- und Jugendliteratur Volkach (ser.) Maier, K. E. Sekundärliteratur zur Kinder- und Jugendbuchtheorie, 1979:</subfield>
    <subfield code="b">t.p. (Deutsche Akademie für Kinder- und Jugendliteratur Volkach e.V.)</subfield>
  </datafield>
  <datafield tag="675" ind1=" " ind2=" ">
    <subfield code="a">Vademecum, 1978;</subfield>
    <subfield code="a">Bundesrepubl., 1976/77.</subfield>
  </datafield>
</record>